@misc{tma4280,
	author = {Arne Morten Kvarving},
	title = {Introduction to SuperComputers - {TMA}4280},
	year = {Spring Semester, 2014},
	location = {NTNU, Trondheim, Norway}
}

